@book{torenbeek,
    author    = "Egbert Torenbeek",
    title     = "Synthesis of subsonic airplane design",
    year      = "1976",
    publisher = "Delft University Press"
}

@book{raymer,
    author    = "Daniel P. Raymer",
    title     = "Aircraft Design: A Conceptual Approach",
    year      = "2012",
    publisher = "Aiaa Education Series"
}

@book{roskam,
    author    = "Jan Roskam",
    title     = "Airplane Design Parts I through VIII",
    year      = "2003",
    publisher = "Darcorporation"
}

@misc{data,
  author = {Civil Jet Aircraft Design},
  title = {{Aircraft Data File}},
  howpublished = "\url{http://aiweb.techfak.uni-bielefeld.de/content/bworld-robot-control-software/}",
  year = {2001},
}
